@article{tibshirani2012strong,
  title={Strong rules for discarding predictors in lasso-type problems},
  author={Tibshirani, Robert and Bien, Jacob and Friedman, Jerome and Hastie, Trevor and Simon, Noah and Taylor, Jonathan and Tibshirani, Ryan J},
  journal={Journal of the Royal Statistical Society: Series B (Statistical Methodology)},
  volume={74},
  number={2},
  pages={245--266},
  year={2012},
  publisher={Wiley Online Library}
}

@article{yang2015fast,
  title={A fast unified algorithm for solving group-lasso penalize learning problems},
  author={Yang, Yi and Zou, Hui},
  journal={Statistics and Computing},
  volume={25},
  number={6},
  pages={1129--1141},
  year={2015},
  publisher={Springer}
}

@article{simon2013sparse,
  title={A sparse-group lasso},
  author={Simon, Noah and Friedman, Jerome and Hastie, Trevor and Tibshirani, Robert},
  journal={Journal of computational and graphical statistics},
  volume={22},
  number={2},
  pages={231--245},
  year={2013},
  publisher={Taylor \& Francis Group}
}


@article{CandesTao2007,
	author = {Candes, Emmanuel J. and Tao, Terence},
	journal = {The Annals of Statistics},
	number = {6},
	pages = {2313--2351},
	title = {The {D}antzig selector: {S}tatistical estimation when $p$ is much larger than $n$},
	volume = {35},
	year = {2007}}


@article{tibshirani1996regression,
  title={Regression shrinkage and selection via the lasso},
  author={Tibshirani, Robert},
  journal={Journal of the Royal Statistical Society: Series B (Methodological)},
  volume={58},
  number={1},
  pages={267--288},
  year={1996},
  publisher={Wiley Online Library}
}

@article{yuan2006model,
  title={Model selection and estimation in regression with grouped variables},
  author={Yuan, Ming and Lin, Yi},
  journal={Journal of the Royal Statistical Society: Series B (Statistical Methodology)},
  volume={68},
  number={1},
  pages={49--67},
  year={2006},
  publisher={Wiley Online Library}
}

@incollection{karush2014minima,
  title={Minima of functions of several variables with inequalities as side conditions},
  author={Karush, William},
  booktitle={Traces and Emergence of Nonlinear Programming},
  pages={217--245},
  year={2014},
  publisher={Springer}
}

@book{boyd2004convex,
  title={Convex optimization},
  author={Boyd, Stephen and Boyd, Stephen P and Vandenberghe, Lieven},
  year={2004},
  publisher={Cambridge university press}
}

@article{tseng2001convergence,
  title={Convergence of a block coordinate descent method for nondifferentiable minimization},
  author={Tseng, Paul},
  journal={Journal of optimization theory and applications},
  volume={109},
  number={3},
  pages={475--494},
  year={2001},
  publisher={Springer}
}

@article{civieta2020adaptive,
  title={Adaptive sparse group LASSO in quantile regression},
  author={Civieta, Aivaro Mendez and Aguilera-Morillo, M. Carmen and Lillo, Rosa E.},
  journal={Advances in Data Analysis and Classification},
  year={2020},
  publisher={Springer}
}

@article{ida2019fast,
  title={Fast Sparse Group Lasso},
  author={Ida, Yasutoshi and Fujiwara, Yasuhiro and Kashima, Hisashi},
  year={2019},
  publisher={NeurlIPS Proceedings}
}

@article{zeng2020biglasso,
  title={The biglasso Package: A Memory- and Computation-Effcient Solver for Lasso Model Fitting with Big Data in R},
  author={Zeng, Yaohui and Breheny, Patrick},
  journal={The R Journal},
  volume={12},
  number={2},
  pages={6--19},
  year={2020}
}

@article{vincent2014sparse,
  title={Sparse group lasso and high dimensional multinomial classification},
  author={Vincent, Martin and Hansen Neils Richard},
  journal = {Computational Statistics \& Data Analysis},
  volume = {71},
  pages = {771-786},
  year = {2014}
}

@article{gerber2018dotcall,
  title = {{dotCall64}: An {R} package providing an efficient interface to compiled {C}, {C++}, and {Fortran} code supporting long vectors},
  author = {Florian Gerber and Kaspar Moesinger and Reinhard Furrer},
  journal = {SoftwareX},
  year = {2018},
  volume = {7},
  pages = {217--221},
  issn = {2352-7110},
  doi = {10.1016/j.softx.2018.06.002},
}

@article{gerber2017dotcall,
  title = {Extending {R} packages to support 64-bit compiled code: An illustration with spam64 and {GIMMS} {NDVI3g} data},
  author = {Florian Gerber and Kaspar Moesinger and Reinhard Furrer},
  journal = {Computer \& Geoscience},
  year = {2017},
  volume = {104},
  pages = {109--119},
  issn = {0098-3004},
  doi = {10.1016/j.cageo.2016.11.015},
}


@inproceedings{Akaike1973,
	author = {Akaike, H.},
	booktitle = {Proceedings of the 2nd International Symposium of Information Theory},
	editor = {Petrov, B. N. and Csaki, F.},
	pages = {267--281},
	title = {Information Theory and an Extension of the Maximum Likelihood Principle},
	year = {1973}}


@article{Schwarz1978,
	author = {Schwarz, G.},
	journal = {The Annals of Statistics},
	pages = {461--464},
	title = {Estimating the Dimension of a Model},
	volume = {6},
	year = {1978}}


@article{golub1979generalized,
	author = {Golub, Gene H and Heath, Michael and Wahba, Grace},
	journal = {Technometrics},
	number = {2},
	pages = {215--223},
	title = {Generalized cross-validation as a method for choosing a good ridge parameter},
	volume = {21},
	year = {1979}}

@misc{vaiter2012degrees,
      title={The degrees of freedom of the Group Lasso for a General Design},
      author={Samuel Vaiter and Charles Deledalle and Gabriel Peyr√© and Jalal Fadili and Charles Dossal},
      year={2012},
      eprint={1212.6478},
      archivePrefix={arXiv},
      primaryClass={cs.IT}
}


@article{Efron1986,
	author = {Efron, Bradley},
	journal = {Journal of the American Statistical Association},
	number = {394},
	pages = {461--470},
	title = {How Biased is the Apparent Error Rate of a Prediction Rule?},
	volume = {81},
	year = {1986}}


@article{ZouHastie2007,
	author = {Zou, Hui and Hastie, Trevor and Tibshirani, Robert},
	journal = {The Annals of Statistics},
	number = {5},
	pages = {2173--2192},
	title = {{On the ``degrees of freedom'' of the lasso}},
	volume = {35},
	year = {2007}}

